<?xml version="1.0" encoding="UTF-8"?><collection xmlns="http://www.loc.gov/MARC21/slim"><record><leader>00445nam--2200169-u-4500</leader><controlfield tag="001">000055599</controlfield><controlfield tag="002">20161230</controlfield><controlfield tag="005">20161230201052</controlfield><controlfield tag="008">130228s1000------------r-----000-0-eng-d</controlfield><datafield ind1=" " ind2=" " tag="040"><subfield code="a">IFIN-HH</subfield></datafield><datafield ind1=" " ind2=" " tag="080"><subfield code="a">413.232=S=3</subfield></datafield><datafield ind1="1" ind2=" " tag="100"><subfield code="a">Lohovita, A.B</subfield></datafield><datafield ind1="1" ind2="0" tag="245"><subfield code="a">Russko-nemetkii slovari</subfield><subfield code="c">A.b. lohovita (red.)</subfield></datafield><datafield ind1=" " ind2=" " tag="260"><subfield code="a">Moskva</subfield><subfield code="b">Inostrannih I Nationalnih Slovarei</subfield><subfield code="c">1960</subfield></datafield><datafield ind1=" " ind2=" " tag="300"><subfield code="a">919P</subfield></datafield><datafield ind1=" " ind2=" " tag="852"><subfield code="a">D.190</subfield><subfield code="c">SLCH</subfield></datafield><datafield ind1=" " ind2=" " tag="CAT"><subfield code="a">Sys</subfield><subfield code="c">20130228</subfield><subfield code="h">150321</subfield></datafield></record></collection>